<?xml version="1.0" encoding="UTF-8"?><record xmlns="http://www.loc.gov/MARC21/slim" xmlns:cinclude="http://apache.org/cocoon/include/1.0" xmlns:zs="http://www.loc.gov/zing/srw/">
  <leader>00507nz  a2200157n  4500</leader>
  <controlfield tag="001">n 2012189699</controlfield>
  <controlfield tag="003">DLC</controlfield>
  <controlfield tag="005">20121115075011.0</controlfield>
  <controlfield tag="008">121114n| acannaabn          |a aaa      </controlfield>
  <datafield tag="010" ind1=" " ind2=" ">
    <subfield code="a">n 2012189699</subfield>
  </datafield>
  <datafield tag="035" ind1=" " ind2=" ">
    <subfield code="a">(DNLM)707009</subfield>
  </datafield>
  <datafield tag="040" ind1=" " ind2=" ">
    <subfield code="a">DNLM</subfield>
    <subfield code="b">eng</subfield>
    <subfield code="c">DNLM</subfield>
  </datafield>
  <datafield tag="100" ind1="1" ind2=" ">
    <subfield code="a">Kirby, Ellwood R.</subfield>
    <subfield code="q">(Ellwood Robert)</subfield>
  </datafield>
  <datafield tag="400" ind1="1" ind2=" ">
    <subfield code="a">Kirby, Ellwood Robert</subfield>
  </datafield>
  <datafield tag="670" ind1=" " ind2=" ">
    <subfield code="a">Manual of genito-urinary diseases, 1899:</subfield>
    <subfield code="b">t.p. (Ellwood R. Kirby)</subfield>
  </datafield>
  <datafield tag="670" ind1=" " ind2=" ">
    <subfield code="a">NLM files, Nov. 8, 2012</subfield>
    <subfield code="b">(hdg.: Kirby, Ellwood Robert; usage: Ellwood R. Kirby)</subfield>
  </datafield>
</record>